<?xml version='1.0' encoding='utf-8'?>
<record xmlns="http://www.loc.gov/MARC21/slim" xmlns:xsi="http://www.w3.org/2001/XMLSchema-instance">
  <leader>^^^^^cam^a22002891a^4500</leader>
  <controlfield tag="001">003948238</controlfield>
  <controlfield tag="005">19971115000000.0</controlfield>
  <controlfield tag="008">971115s1982^^^^miua^^^^^bc^^s000^0^eng^d</controlfield>
  <datafield tag="035" ind1=" " ind2=" ">
    <subfield code="a">(RLIN)MIUG83-B20901</subfield>
  </datafield>
  <datafield tag="035" ind1=" " ind2=" ">
    <subfield code="a">(CaOTULAS)159996563</subfield>
  </datafield>
  <datafield tag="035" ind1=" " ind2=" ">
    <subfield code="9">(UL)ADG7567</subfield>
  </datafield>
  <datafield tag="035" ind1=" " ind2=" ">
    <subfield code="a">(OCoLC)12777484</subfield>
  </datafield>
  <datafield tag="040" ind1=" " ind2=" ">
    <subfield code="a">ICA</subfield>
    <subfield code="c">ICA</subfield>
    <subfield code="d">MiU</subfield>
    <subfield code="d">MiU-H</subfield>
  </datafield>
  <datafield tag="100" ind1="1" ind2=" ">
    <subfield code="a">Root, Margaret Cool.</subfield>
  </datafield>
  <datafield tag="245" ind1="1" ind2="0">
    <subfield code="a">Wondrous glass :</subfield>
    <subfield code="b">reflections on the world of Rome, c. 50 B.C.-A.D. 650 /</subfield>
    <subfield code="c">by Margaret Cool Root ; with the assistance of Laurie A. McCoy.</subfield>
  </datafield>
  <datafield tag="260" ind1=" " ind2=" ">
    <subfield code="a">Ann Arbor :</subfield>
    <subfield code="b">Kelsey Museum of Archaeology, The University of Michigan,</subfield>
    <subfield code="c">1982.</subfield>
  </datafield>
  <datafield tag="300" ind1=" " ind2=" ">
    <subfield code="a">48 p. :</subfield>
    <subfield code="b">ill. ;</subfield>
    <subfield code="c">28 cm</subfield>
  </datafield>
  <datafield tag="500" ind1=" " ind2=" ">
    <subfield code="a">"Catalogue written in conjunction with the special exhibition, Wondrous Glass, held at the Kelsey Museum from July 20-Dec. 12, 1982" --T.p. verso.</subfield>
  </datafield>
  <datafield tag="504" ind1=" " ind2=" ">
    <subfield code="a">Bibliography: p. 48.</subfield>
  </datafield>
  <datafield tag="580" ind1=" " ind2=" ">
    <subfield code="a">Forms part of the Kelsey Museum of Archaeology. Publications, [1976-ongoing].</subfield>
  </datafield>
  <datafield tag="650" ind1=" " ind2="0">
    <subfield code="a">Glassware, Greco-Roman</subfield>
    <subfield code="v">Exhibitions.</subfield>
  </datafield>
  <datafield tag="650" ind1=" " ind2="0">
    <subfield code="a">Glass</subfield>
    <subfield code="x">History</subfield>
    <subfield code="v">Exhibitions.</subfield>
  </datafield>
  <datafield tag="700" ind1="1" ind2=" ">
    <subfield code="a">McCoy, Laurie A.</subfield>
  </datafield>
  <datafield tag="710" ind1="2" ind2=" ">
    <subfield code="a">Kelsey Museum of Archaeology.</subfield>
  </datafield>
  <datafield tag="773" ind1="1" ind2=" ">
    <subfield code="a">Kelsey Museum of Archaeology</subfield>
    <subfield code="t">Kelsey Museum of Archaeology publications</subfield>
    <subfield code="w">BAE8908</subfield>
  </datafield>
  <datafield tag="852" ind1="8" ind2=" ">
    <subfield code="a">MiU-H</subfield>
    <subfield code="b">BENT</subfield>
    <subfield code="h">97110 Bimu C450 2</subfield>
  </datafield>
  <datafield tag="997" ind1=" " ind2=" ">
    <subfield code="a">MARS</subfield>
  </datafield>
  <datafield tag="998" ind1=" " ind2=" ">
    <subfield code="c">GEL</subfield>
    <subfield code="s">9114</subfield>
  </datafield>
  <datafield tag="LKR" ind1=" " ind2=" ">
    <subfield code="a">UP</subfield>
    <subfield code="b">003948237</subfield>
    <subfield code="l">MIU01</subfield>
    <subfield code="r">773</subfield>
    <subfield code="m">Wondrous glass : reflections on the world of Rome, c. 50 B.C.-A.D. 650 /</subfield>
    <subfield code="n">[Kelsey Museum of Archaeology publications].</subfield>
  </datafield>
  <datafield tag="955" ind1=" " ind2=" ">
    <subfield code="b">BENT</subfield>
    <subfield code="p">B1689162</subfield>
  </datafield>
</record>
